<collection xmlns="http://www.loc.gov/MARC21/slim">
<record>
  <leader>01237nam0a22002171i 450 </leader>
  <controlfield tag="001">IT\ICCU\CNCE\054602</controlfield>
  <controlfield tag="005">20100401000000.0</controlfield>
  <datafield tag="100" ind1=" " ind2=" ">
    <subfield code="a">20031030f15421543    0itac0103    ba</subfield>
  </datafield>
  <datafield tag="101" ind1=" " ind2=" ">
    <subfield code="a">ITA</subfield>
  </datafield>
  <datafield tag="102" ind1=" " ind2=" ">
    <subfield code="a">IT</subfield>
  </datafield>
  <datafield tag="200" ind1="1" ind2=" ">
    <subfield code="a">Sonetti diletteuoli, artificiosi, &amp; da ridere, di diuersi auttori in enigme, con le sue dechiaratoni</subfield>
  </datafield>
  <datafield tag="210" ind1=" " ind2=" ">
    <subfield code="a">In Roma</subfield>
    <subfield code="c">nella contrada del Pellegrino ad istantia di Damon fido pastore detto il Peregrino nato &amp; nodrido sopra la foresta di Corzona inter Oues</subfield>
    <subfield code="d">&amp; Boues &amp; Pecora Campi</subfield>
    <subfield code="d">\tra il 1542 e il 1543!</subfield>
  </datafield>
  <datafield tag="300" ind1=" " ind2=" ">
    <subfield code="a">Stampato da Baldassarre Cartolari; per il tipografo e la data cfr.: F. Barberi, Annali della tipografia romana di Baldassarre jr. e Girolama Cartolari, n. 131</subfield>
  </datafield>
  <datafield tag="620" ind1=" " ind2=" ">
    <subfield code="a">IT</subfield>
    <subfield code="d">Roma</subfield>
  </datafield>
  <datafield tag="712" ind1="0" ind2="0">
    <subfield code="a">Cartolari, Baldassarre</subfield>
    <subfield code="3">IT\ICCU\CNCT\000423</subfield>
    <subfield code="4">650</subfield>
  </datafield>
  <datafield tag="791" ind1="0" ind2="0">
    <subfield code="a">Cartularis, Balthesar de</subfield>
    <subfield code="3">IT\ICCU\CNCT\004476</subfield>
    <subfield code="z">Cartolari, Baldassarre</subfield>
  </datafield>
  <datafield tag="791" ind1="0" ind2="0">
    <subfield code="a">Cartholaio, Baldassarre</subfield>
    <subfield code="3">IT\ICCU\CNCT\004477</subfield>
    <subfield code="z">Cartolari, Baldassarre</subfield>
  </datafield>
  <datafield tag="791" ind1="0" ind2="0">
    <subfield code="a">Cartulario, Baldassarre</subfield>
    <subfield code="3">IT\ICCU\CNCT\004479</subfield>
    <subfield code="z">Cartolari, Baldassarre</subfield>
  </datafield>
  <datafield tag="791" ind1="0" ind2="0">
    <subfield code="a">Cartulari, Baldassarre de</subfield>
    <subfield code="3">IT\ICCU\CNCT\004482</subfield>
    <subfield code="z">Cartolari, Baldassarre</subfield>
  </datafield>
  <datafield tag="791" ind1="0" ind2="0">
    <subfield code="a">Cartolaro, Baldassarre de</subfield>
    <subfield code="3">IT\ICCU\CNCT\004483</subfield>
    <subfield code="z">Cartolari, Baldassarre</subfield>
  </datafield>
  <datafield tag="801" ind1=" " ind2="3">
    <subfield code="a">IT</subfield>
    <subfield code="b">ICCU</subfield>
    <subfield code="c">20201115</subfield>
  </datafield>
</record>
</collection>
